@article{eldar1997farthest,
  title={The farthest point strategy for progressive image sampling},
  author={Eldar, Yuval and Lindenbaum, Michael and Porat, Moshe and Zeevi, Yehoshua Y},
  journal={IEEE Trans. Image Process.},
  volume={6},
  number={9},
  pages={1305--1315},
  year={1997},
  publisher={IEEE}
}

@article{Zhu2010,
 author = {Zhu, Yongning and Sifakis, Eftychios and Teran, Joseph and Brandt, Achi},
 title = {An Efficient Multigrid Method for the Simulation of High-resolution Elastic Solids},
 journal = {ACM Trans. Graph.},
 issue_date = {March 2010},
 volume = {29},
 number = {2},
 month = apr,
 year = {2010},
 issn = {0730-0301},
 pages = {16:1--16:18},
 articleno = {16},
 numpages = {18},
 url = {http://doi.acm.org/10.1145/1731047.1731054},
 doi = {10.1145/1731047.1731054},
 acmid = {1731054},
 publisher = {ACM},
 address = {New York, NY, USA},
 keywords = {Deformable models, corotational linear elasticity, near-incompressible solids, parallel simulation},
} 

@article{McAdams2011,
 author = {McAdams, Aleka and Zhu, Yongning and Selle, Andrew and Empey, Mark and Tamstorf, Rasmus and Teran, Joseph and Sifakis, Eftychios},
 title = {Efficient Elasticity for Character Skinning with Contact and Collisions},
 journal = {ACM Trans. Graph.},
 issue_date = {July 2011},
 volume = {30},
 number = {4},
 month = jul,
 year = {2011},
 issn = {0730-0301},
 pages = {37:1--37:12},
 articleno = {37},
 numpages = {12},
 url = {http://doi.acm.org/10.1145/2010324.1964932},
 doi = {10.1145/2010324.1964932},
 acmid = {1964932},
 publisher = {ACM},
 address = {New York, NY, USA},
 keywords = {corotated elasticity, elastic deformations, physics-based modeling, skinning},
} 

@article{Patterson2012,
 author = {Patterson, Taylor and Mitchell, Nathan and Sifakis, Eftychios},
 title = {Simulation of Complex Nonlinear Elastic Bodies Using Lattice Deformers},
 journal = {ACM Trans. Graph.},
 issue_date = {November 2012},
 volume = {31},
 number = {6},
 month = nov,
 year = {2012},
 issn = {0730-0301},
 pages = {197:1--197:10},
 articleno = {197},
 numpages = {10},
 url = {http://doi.acm.org/10.1145/2366145.2366216},
 doi = {10.1145/2366145.2366216},
 acmid = {2366216},
 publisher = {ACM},
 address = {New York, NY, USA},
 keywords = {cut-cell methods, incompressibility, nonlinear elasticity},
} 

@article{Narain2013,
 author = {Narain, Rahul and Pfaff, Tobias and O'Brien, James F.},
 title = {Folding and Crumpling Adaptive Sheets},
 journal = {ACM Trans. Graph.},
 issue_date = {July 2013},
 volume = {32},
 number = {4},
 month = jul,
 year = {2013},
 issn = {0730-0301},
 pages = {51:1--51:8},
 articleno = {51},
 numpages = {8},
 url = {http://doi.acm.org/10.1145/2461912.2462010},
 doi = {10.1145/2461912.2462010},
 acmid = {2462010},
 publisher = {ACM},
 address = {New York, NY, USA},
 keywords = {bending, cloth simulation, paper, plastic deformation, thin sheets},
} 

@article{Narain2012,
 author = {Narain, Rahul and Samii, Armin and O'Brien, James F.},
 title = {Adaptive Anisotropic Remeshing for Cloth Simulation},
 journal = {ACM Trans. Graph.},
 issue_date = {November 2012},
 volume = {31},
 number = {6},
 month = nov,
 year = {2012},
 issn = {0730-0301},
 pages = {152:1--152:10},
 articleno = {152},
 numpages = {10},
 url = {http://doi.acm.org/10.1145/2366145.2366171},
 doi = {10.1145/2366145.2366171},
 acmid = {2366171},
 publisher = {ACM},
 address = {New York, NY, USA},
 keywords = {anisotropic remeshing, augmented Lagrangian method, cloth simulation, dynamic remeshing, strain limiting},
} 

@article{Deuflhard:2008fu,
author = {Deuflhard, Peter and Krause, Rolf and Ertel, Susanne},
title = {{A contact-stabilized Newmark method for dynamical contact problems}},
journal = {International Journal for Numerical Methods in Engineering},
year = {2008},
volume = {73},
number = {9},
pages = {1274--1290}
}

@article{Doyen:2011gka,
author = {Doyen, David and Ern, Alexandre and Piperno, Serge},
title = {{Time-Integration Schemes for the Finite Element Dynamic Signorini Problem}},
journal = {SIAM Journal on Scientific Computing},
year = {2011},
volume = {33},
number = {1},
pages = {223--249},
month = jan
}

@article{Krause:2012im,
author = {Krause, Rolf and Walloth, Mirjam},
title = {{Presentation and comparison of selected algorithms for dynamic contact based on the Newmark scheme}},
journal = {Applied Numerical Mathematics},
year = {2012},
volume = {62},
number = {10},
pages = {1393--1410},
month = oct
}

@article{Grinspun2002,
 author = {Grinspun, Eitan and Krysl, Petr and Schr\"{o}der, Peter},
 title = {CHARMS: A Simple Framework for Adaptive Simulation},
 journal = {ACM Trans. Graph.},
 issue_date = {July 2002},
 volume = {21},
 number = {3},
 month = jul,
 year = {2002},
 issn = {0730-0301},
 pages = {281--290},
 numpages = {10},
 url = {http://doi.acm.org/10.1145/566654.566578},
 doi = {10.1145/566654.566578},
 acmid = {566578},
 publisher = {ACM},
 address = {New York, NY, USA},
 keywords = {adaptive computation, basis function, multiresolution, refinement relation, subdivision},
} 

@inproceedings{Debunne2001,
 author = {Debunne, Gilles and Desbrun, Mathieu and Cani, Marie-Paule and Barr, Alan H.},
 title = {Dynamic Real-time Deformations Using Space \& Time Adaptive Sampling},
 booktitle = {Proc. SIGGRAPH '01},
 series = {Annual Conference Series},
 year = {2001},
 isbn = {1-58113-374-X},
 pages = {31--36},
 numpages = {6},
 url = {http://doi.acm.org/10.1145/383259.383262},
 doi = {10.1145/383259.383262},
 acmid = {383262},
 OPTpublisher = {ACM},
 OPTaddress = {New York, NY, USA},
} 

@article{Torres:2016:HIC,
 author = {Torres, Rosell and Rodr\'{\i}guez, Alejandro and Espadero, Jos{\'e} M. and Otaduy, Miguel A.},
 title = {High-resolution Interaction with Corotational Coarsening Models},
 journal = {ACM Trans. Graph.},
 issue_date = {November 2016},
 volume = {35},
 number = {6},
 month = nov,
 year = {2016},
 issn = {0730-0301},
 pages = {211:1--211:11},
 articleno = {211},
 numpages = {11},
 xxxurl = {http://doi.acm.org/10.1145/2980179.2982414},
 xxxdoi = {10.1145/2980179.2982414},
 acmid = {2982414},
 publisher = {ACM},
 address = {New York, NY, USA},
 keywords = {coarsening, elasticity, homogenization},
} 

@article{Nesme2009,
 author = {Nesme, Matthieu and Kry, Paul G. and Je\v{r}\'{a}bkov\'{a}, Lenka and Faure, Fran\c{c}ois},
 title = {Preserving Topology and Elasticity for Embedded Deformable Models},
 journal = {ACM Trans. Graph.},
 issue_date = {August 2009},
 volume = {28},
 number = {3},
 month = jul,
 year = {2009},
 issn = {0730-0301},
 pages = {52:1--52:9},
 articleno = {52},
 numpages = {9},
 url = {http://doi.acm.org/10.1145/1531326.1531358},
 doi = {10.1145/1531326.1531358},
 acmid = {1531358},
 publisher = {ACM},
 address = {New York, NY, USA},
 keywords = {animation, embedded deformation, finite element method, heterogeneous materials, simulation},
} 

@article{Gilles2011,
 author = {Gilles, Benjamin and Bousquet, Guillaume and Faure, Francois and Pai, Dinesh K.},
 title = {Frame-based Elastic Models},
 journal = {ACM Trans. Graph.},
 issue_date = {April 2011},
 volume = {30},
 number = {2},
 month = apr,
 year = {2011},
 issn = {0730-0301},
 pages = {15:1--15:12},
 articleno = {15},
 numpages = {12},
 url = {http://doi.acm.org/10.1145/1944846.1944855},
 doi = {10.1145/1944846.1944855},
 acmid = {1944855},
 publisher = {ACM},
 address = {New York, NY, USA},
 keywords = {Physically-based animation, deformable solids},
} 

@article{Faure2011,
 author = {Faure, Fran\c{c}ois and Gilles, Benjamin and Bousquet, Guillaume and Pai, Dinesh K.},
 title = {Sparse Meshless Models of Complex Deformable Solids},
 journal = {ACM Trans. Graph.},
 issue_date = {July 2011},
 volume = {30},
 number = {4},
 month = jul,
 year = {2011},
 issn = {0730-0301},
 pages = {73:1--73:10},
 articleno = {73},
 numpages = {10},
 url = {http://doi.acm.org/10.1145/2010324.1964968},
 doi = {10.1145/2010324.1964968},
 acmid = {1964968},
 publisher = {ACM},
 address = {New York, NY, USA},
 keywords = {deformable solid, meshless model, physically based animation},
} 

@article{Kharevych2009,
 author = {Kharevych, Lily and Mullen, Patrick and Owhadi, Houman and Desbrun, Mathieu},
 title = {Numerical Coarsening of Inhomogeneous Elastic Materials},
 journal = {ACM Trans. Graph.},
 issue_date = {August 2009},
 volume = {28},
 number = {3},
 month = jul,
 year = {2009},
 issn = {0730-0301},
 pages = {51:1--51:8},
 articleno = {51},
 numpages = {8},
 url = {http://doi.acm.org/10.1145/1531326.1531357},
 doi = {10.1145/1531326.1531357},
 acmid = {1531357},
 publisher = {ACM},
 address = {New York, NY, USA},
 keywords = {homogenization, model coarsening, model reduction},
} 

@inproceedings{Muller2002,
 author = {M\"{u}ller, Matthias and Dorsey, Julie and McMillan, Leonard and Jagnow, Robert and Cutler, Barbara},
 title = {Stable Real-time Deformations},
 booktitle = {Proc. ACM SIGGRAPH/Eurographics Symposium on Computer Animation},
 OPTseries = {SCA '02},
 year = {2002},
 isbn = {1-58113-573-4},
 OPTlocation = {San Antonio, Texas},
 pages = {49--54},
 numpages = {6},
 url = {http://doi.acm.org/10.1145/545261.545269},
 doi = {10.1145/545261.545269},
 acmid = {545269},
 OPTpublisher = {ACM},
 OPTaddress = {New York, NY, USA},
 keywords = {elasticity, finite elements, large deformations, physically based Animation, stiffness warping},
} 

@book{Ted2000,
  title={Nonlinear finite elements for continua and structures},
  author={Ted Belytschko and Liu, W.K. and Moran, B.},
  year={2000},
  publisher={Wiley}
}

@article{Skouras2013,
  title={Computational design of actuated deformable characters},
  author={Skouras, M{\'e}lina and Thomaszewski, Bernhard and Coros, Stelian and Bickel, Bernd and Gross, Markus},
  journal={ACM Trans. Graph.},
  volume={32},
  number={4},
  pages = {82:1--82:9},
  month={July},
  year={2013},
  publisher={ACM}
}

@article{Bickel2009,
 author = {Bickel, Bernd and B\"{a}cher, Moritz and Otaduy, Miguel A. and Matusik, Wojciech and Pfister, Hanspeter and Gross, Markus},
 title = {Capture and Modeling of Non-linear Heterogeneous Soft Tissue},
 journal = {ACM Trans. Graph.},
 issue_date = {August 2009},
 volume = {28},
 number = {3},
 month = jul,
 year = {2009},
 pages = {89:1--89:9},
 articleno = {89},
 numpages = {9},
 publisher = {ACM},
 address = {New York, NY, USA},
 keywords = {data-driven graphics, deformations, model acquisition, physically based animation and modeling},
} 

@article{Wachter2006,
year={2006},
journal={Mathematical Programming},
volume={106},
number={1},
title={On the implementation of an interior-point filter line-search algorithm for large-scale nonlinear programming},
url={http://dx.doi.org/10.1007/s10107-004-0559-y},
publisher={Springer-Verlag},
keywords={Nonlinear programming; Nonconvex constrained optimization; Filter method; Line search; Interior-point method; Barrier method; 49M37; 65K05; 90C30; 90C51},
author={W\"{a}chter, Andreas and Biegler, Lorenz T.},
pages={25-57},
language={English}
}

@article{Peraire1992,
  title={A {3D} finite element multigrid solver for the {E}uler equations},
  author={Peraire, J and Peiro, J and Morgan, K},
  journal={AIAA},
  volume={92},
  OPTpages={0449},
  year={1992}
}

@article{Bickel2012,
 author = {Bickel, Bernd and Kaufmann, Peter and Skouras, M{\'e}lina and Thomaszewski, Bernhard and Bradley, Derek and Beeler, Thabo and Jackson, Phil and Marschner, Steve and Matusik, Wojciech and Gross, Markus},
 title = {Physical face cloning},
 journal = {ACM Trans. Graph.},
 issue_date = {July 2012},
 volume = {31},
 number = {4},
 month = jul,
 year = {2012},
 issn = {0730-0301},
 pages = {118:1--118:10},
 articleno = {118},
 numpages = {10},
 url = {http://doi.acm.org/10.1145/2185520.2185614},
 doi = {10.1145/2185520.2185614},
 acmid = {2185614},
 publisher = {ACM},
 address = {New York, NY, USA},
 keywords = {animatronics, computational material design, facial animation, optimization, physics-based simulation},
}

@article{Bickel2010,
 author = {Bickel, Bernd and B\"{a}cher, Moritz and Otaduy, Miguel A. and Lee, Hyunho Richard and Pfister, Hanspeter and Gross, Markus and Matusik, Wojciech},
 title = {Design and Fabrication of Materials with Desired Deformation Behavior},
 journal = {ACM Trans. Graph.},
 issue_date = {July 2010},
 volume = {29},
 number = {4},
 month = jul,
 year = {2010},
 issn = {0730-0301},
 pages = {63:1--63:10},
 articleno = {63},
 numpages = {10},
 url = {http://doi.acm.org/10.1145/1778765.1778800},
 doi = {10.1145/1778765.1778800},
 acmid = {1778800},
 publisher = {ACM},
 address = {New York, NY, USA},
 keywords = {deformable objects, fabrication, goal-based material design},
} 

@article{Chen2013,
 author = {Chen, Desai and Levin, David I. W. and Didyk, Piotr and Sitthi-Amorn, Pitchaya and Matusik, Wojciech},
 title = {{Spec2Fab}: A Reducer-tuner Model for Translating Specifications to {3D} Prints},
 journal = {ACM Trans. Graph.},
 issue_date = {July 2013},
 volume = {32},
 number = {4},
 month = jul,
 year = {2013},
 pages = {135:1--135:10},
 articleno = {135},
 numpages = {10},
 publisher = {ACM},
 address = {New York, NY, USA},
 keywords = {3D printing, fabrication, goal-based material design},
} 

@article{Martinez:2015:SAO,
 author = {Mart\'{\i}nez, Jon\`{a}s and Dumas, J{\'e}r{\'e}mie and Lefebvre, Sylvain and Wei, Li-Yi},
 title = {Structure and Appearance Optimization for Controllable Shape Design},
 journal = {ACM Trans. Graph.},
 issue_date = {November 2015},
 volume = {34},
 number = {6},
 month = oct,
 year = {2015},
 issn = {0730-0301},
 pages = {229:1--229:11},
 articleno = {229},
 numpages = {11},
 doi = {10.1145/2816795.2818101},
} 

@article{yan:2015:two,
  title={Two-scale optimal design of structures with thermal insulation materials},
  author={Yan, Xiaolei and Huang, Xiaodong and Sun, Guangyong and Xie, Yi Min},
  journal={Composite Structures},
  volume={120},
  pages={358--365},
  year={2015},
  publisher={Elsevier}
}

@article{Kou2012,
  title={Optimal design of functionally graded materials using a procedural model and particle swarm optimization},
  author={Kou, XY and Parks, GT and Tan, ST},
  journal={Computer-Aided Design},
  volume={44},
  number={4},
  pages={300--310},
  year={2012}
}

%%%%survey
@article{sigmund:2013:topology,
  title={Topology optimization approaches},
  author={Sigmund, Ole and Maute, Kurt},
  journal={Structural and Multidisciplinary Optimization},
  volume={48},
  number={6},
  pages={1031--1055},
  year={2013},
  publisher={Springer}
}

@article{Ringertz1993On,
  title={On finding the optimal distribution of material properties},
  author={Ringertz, U. T.},
  journal={Structural \& Multidisciplinary Optimization},
  volume={5},
  number={4},
  pages={265-267},
  year={1993},
}

@article{haber1994analytical,
  title={An analytical model to predict optimal material properties in the context of optimal structural design},
  author={Haber, RB and Pedersen, P and Taylor, JE},
  journal={Urbana},
  volume={51},
  pages={61801},
  year={1994}
}

@article{challis:2009:level,
  title={Level set topology optimization of fluids in Stokes flow},
  author={Challis, Vivien J and Guest, James K},
  journal={International journal for numerical methods in engineering},
  volume={79},
  number={10},
  pages={1284--1308},
  year={2009},
  publisher={Wiley Online Library}
}

@article{cadman:2013:design,
  title={On design of multi-functional microstructural materials},
  author={Cadman, Joseph E and Zhou, Shiwei and Chen, Yuhang and Li, Qing},
  journal={Journal of Materials Science},
  volume={48},
  number={1},
  pages={51--66},
  year={2013},
  publisher={Springer}
}

@article{sigmund:1996:composites,
  title={Composites with extremal thermal expansion coefficients},
  author={Sigmund, Ole and Torquato, Salvatore},
  journal={Applied Physics Letters},
  volume={69},
  number={21},
  pages={3203--3205},
  year={1996},
  publisher={AIP Publishing}
}

@book{bendsoe2004topology,
  title={Topology Optimization: Theory, Methods, and Applications},
  author={Bends{\o}e, Martin Philip and Sigmund, Ole},
  year={2004},
  publisher={Springer Science \& Business Media}
}

@article{rodrigues:2002:hierarchical,
  title={Hierarchical optimization of material and structure},
  author={Rodrigues, H\'{e}lder and Guedes, Jose M. and Bends{\o}e, Martin P.},
  journal={Structural and Multidisciplinary Optimization},
  volume={24},
  number={1},
  pages={1--10},
  year={2002},
  publisher={Springer}
}

@article{Sigmund97Compliant,
author = {Ole Sigmund},
title = {On the Design of Compliant Mechanisms Using Topology Optimization},
journal = {Mechanics of Structures and Machines},
volume = {25},
number = {4},
year = {1997},
}

%%%%first SIMP
@article{bendsoe:1989:optimal,
  title={Optimal shape design as a material distribution problem},
  author={Bends{\o}e, Martin P},
  journal={Structural optimization},
  volume={1},
  number={4},
  pages={193--202},
  year={1989},
  publisher={Springer}
}

@article{coelho:2008:hierarchical,
  title={A hierarchical model for concurrent material and topology optimisation of three-dimensional structures},
  author={Coelho, PG and Fernandes, PR and Guedes, JM and Rodrigues, HC},
  journal={Structural and Multidisciplinary Optimization},
  volume={35},
  number={2},
  pages={107--115},
  year={2008},
  publisher={Springer}
}

@article{nakshatrala:2013:nonlinear,
  title={Nonlinear structural design using multiscale topology optimization},
  author={Nakshatrala, PB and Tortorelli, DA and Nakshatrala, KB},
  journal={Computer Methods in Applied Mechanics and Engineering},
  volume={261},
  year={2013},
  publisher={Elsevier}
}

@article{Panetta:2015,
 author = {Panetta, Julian and Zhou, Qingnan and Malomo, Luigi and Pietroni, Nico and Cignoni, Paolo and Zorin, Denis},
 title = {Elastic Textures for Additive Fabrication},
 journal = {ACM Trans. Graph.},
 issue_date = {August 2015},
 volume = {34},
 number = {4},
 month = jul,
 year = {2015},
 issn = {0730-0301},
 pages = {135:1--135:12},
 articleno = {135},
 numpages = {12},
 url = {http://doi.acm.org/10.1145/2766937},
 doi = {10.1145/2766937},
 acmid = {2766937},
 publisher = {ACM},
 address = {New York, NY, USA},
 keywords = {additive fabrication, deformable objects, goal-based material design, homogenization, microstructures, shape optimization},
} 

@article{Szabo2004,
  title={The p-Version of the Finite Element Method},
  author={Szab{\'o}, Barna and D{\"u}ster, Alexander and Rank, Ernst},
  journal={Encyclopedia of Comput. Mech.},
  year={2004},
  publisher={Wiley Online Library}
}

@article{Wicke:2010,
 author = {Wicke, Martin and Ritchie, Daniel and Klingner, Bryan M. and Burke, Sebastian and Shewchuk, Jonathan R. and O'Brien, James F.},
 title = {Dynamic Local Remeshing for Elastoplastic Simulation},
 journal = {ACM Trans. Graph.},
 issue_date = {July 2010},
 volume = {29},
 number = {4},
 month = jul,
 year = {2010},
 issn = {0730-0301},
 pages = {49:1--49:11},
 articleno = {49},
 numpages = {11},
 url = {http://doi.acm.org/10.1145/1778765.1778786},
 doi = {10.1145/1778765.1778786},
 acmid = {1778786},
 publisher = {ACM},
 address = {New York, NY, USA},
 keywords = {adaptive refinement, dynamic meshing, elastoplasticity, finite element simulation, fracture, local remeshing, plasticity},
} 

@article{Clausen2013,
 author = {Clausen, Pascal and Wicke, Martin and Shewchuk, Jonathan R. and O'brien, James F.},
 title = {Simulating Liquids and Solid-liquid Interactions with {L}agrangian Meshes},
 journal = {ACM Trans. Graph.},
 issue_date = {April 2013},
 volume = {32},
 number = {2},
 month = apr,
 year = {2013},
 issn = {0730-0301},
 pages = {17:1--17:15},
 articleno = {17},
 numpages = {15},
 url = {http://doi.acm.org/http://dx.doi.org/10.1145/2451236.2451243},
 doi = {http://dx.doi.org/10.1145/2451236.2451243},
 acmid = {2451243},
 publisher = {ACM},
 address = {New York, NY, USA},
 keywords = {Simulation, dynamic mesh generation, finite element method, fluid dynamics, local remeshing, melting, physically based computer animation, solid-fluid interface, surface tension, thermoelasticity},
} 

@misc{Shabana1991,
  title={Theory of Vibration, Vol. II},
  author={Shabana, AA},
  year={1991},
  publisher={Springer-Verlag, Berlin}
}

@article{Barbic:subspace:2005,
 author = {Barbi\v{c}, Jernej and James, Doug L.},
 title = {Real-Time Subspace Integration for {St. Venant-Kirchhoff} Deformable Models},
 journal = {ACM Trans. Graph.},
 issue_date = {July 2005},
 volume = {24},
 number = {3},
 month = jul,
 year = {2005},
 issn = {0730-0301},
 pages = {982--990},
 numpages = {9},
 url = {http://doi.acm.org/10.1145/1073204.1073300},
 doi = {10.1145/1073204.1073300},
 acmid = {1073300},
 publisher = {ACM},
 address = {New York, NY, USA},
 keywords = {animation, deformation, finite element method, haptics, interactive, model reduction, precomputation, simulation},
}

@article {Krysl2001,
author = {Krysl, P. and Lall, S. and Marsden, J. E.},
title = {Dimensional model reduction in non-linear finite element dynamics of solids and structures},
journal = {INT J NUMER METH ENG},
volume = {51},
number = {4},
publisher = {John Wiley & Sons, Ltd.},
pages = {479--504},
keywords = {solid dynamics, finite element method, Ritz basis, model dimension reduction, empirical eigenvectors, KarhunenâLoÃšve expansion},
year = {2001},
}

@article{Mandel1993,
  title={Balancing domain decomposition},
  author={Mandel, Jan},
  journal={COMM NUMER METH ENG},
  volume={9},
  number={3},
  pages={233--241},
  year={1993},
  publisher={Wiley Online Library}
}

@article{Farhat1991,
  title={A method of finite element tearing and interconnecting and its parallel solution algorithm},
  author={Farhat, Charbel and Roux, Francois-Xavier},
  journal={INT J NUMER METH ENG},
  volume={32},
  number={6},
  pages={1205--1227},
  year={1991},
  publisher={Wiley Online Library}
}

@book{Marsden2012,
  title={Mathematical Foundations of Elasticity},
  author={Marsden, J.E. and Hughes, T.J.R.},
  series={Dover Civil and Mechanical Engineering},
  year={2012},
  OPTpublisher={Dover Publications}
}

@book{Jain1988,
 author = {Jain, Anil K. and Dubes, Richard C.},
 title = {Algorithms for Clustering Data},
 year = {1988},
 publisher = {Prentice-Hall, Inc.},
 address = {Upper Saddle River, NJ, USA},
} 

@TechReport{Xu2014,
  author = 	 {Xu, Hongyi and Li, Yijing and Chen, Yong and Barbi\v{c}, Jernej},
  title = 	 {Interactive Material Design Using Model Reduction},
  institution =  {USC},
  year = 	 {2014},
}

@article{Li2014,
 author = {Li, Siwang and Huang, Jin and de Goes, Fernando and Jin, Xiaogang and Bao, Hujun and Desbrun, Mathieu},
 title = {Space-time Editing of Elastic Motion Through Material Optimization and Reduction},
 journal = {ACM Trans. Graph.},
 issue_date = {July 2014},
 volume = {33},
 number = {4},
 month = jul,
 year = {2014},
 issn = {0730-0301},
 pages = {108:1--108:10},
 articleno = {108},
 numpages = {10},
 url = {http://doi.acm.org/10.1145/2601097.2601217},
 doi = {10.1145/2601097.2601217},
 acmid = {2601217},
 publisher = {ACM},
 address = {New York, NY, USA},
 keywords = {elastic animation, model reduction, motion editing, space and time constraints},
} 

@article{Cotin1999,
  title={Real-time elastic deformations of soft tissues for surgery simulation},
  author={Cotin, St{\'e}phane and Delingette, Herv{\'e} and Ayache, Nicholas},
  journal={IEEE Trans. Vis. Comput. Graphics},
  volume={5},
  number={1},
  pages={62--73},
  year={1999},
  publisher={IEEE}
}

@inproceedings{Seiler2012,
 author = {Seiler, M. and Spillmann, J. and Harders, M.},
 title = {Enriching Coarse Interactive Elastic Objects with High-resolution Data-driven Deformations},
 booktitle = {Proc. ACM SIGGRAPH/Eurographics Symposium on Computer Animation},
 OPTseries = {SCA '12},
 year = {2012},
 isbn = {978-3-905674-37-8},
 OPTlocation = {Lausanne, Switzerland},
 pages = {9--17},
 numpages = {9},
 url = {http://dl.acm.org/citation.cfm?id=2422356.2422359},
 acmid = {2422359},
 OPTpublisher = {Eurographics Association},
 OPTaddress = {Aire-la-Ville, Switzerland, Switzerland},
} 

@inproceedings{Kim2011,
 author = {Kim, Theodore and James, Doug L.},
 title = {Physics-based Character Skinning Using Multi-domain Subspace Deformations},
 booktitle = {Proceedings of the 2011 ACM SIGGRAPH/Eurographics Symposium on Computer Animation},
 series = {SCA '11},
 year = {2011},
 isbn = {978-1-4503-0923-3},
 location = {Vancouver, British Columbia, Canada},
 pages = {63--72},
 numpages = {10},
 url = {http://doi.acm.org/10.1145/2019406.2019415},
 doi = {10.1145/2019406.2019415},
 acmid = {2019415},
 publisher = {ACM},
 address = {New York, NY, USA},
} 

@article{Barbic2011,
  author =        {Jernej Barbi\v{c} and Yili Zhao},
  journal =       {ACM Trans. Graph.},
  number =        "4",
  title =         "Real-time Large-deformation Substructuring",
  volume =        "30",
  year =          "2011",
  month =         "jul",
  pages =         "91:1--91:7",
}

@article{Kavan:2011,
 author = {Kavan, Ladislav and Gerszewski, Dan and Bargteil, Adam W. and Sloan, Peter-Pike},
 title = {Physics-inspired Upsampling for Cloth Simulation in Games},
 journal = {ACM Trans. Graph.},
 issue_date = {July 2011},
 volume = {30},
 number = {4},
 month = jul,
 year = {2011},
 issn = {0730-0301},
 pages = {93:1--93:10},
 articleno = {93},
 numpages = {10},
 url = {http://doi.acm.org/10.1145/2010324.1964988},
 doi = {10.1145/2010324.1964988},
 acmid = {1964988},
 publisher = {ACM},
 address = {New York, NY, USA},
 keywords = {cloth simulation, data-driven animation, upsampling, video games},
} 

@article{Bouaziz:2014,
 author = {Bouaziz, Sofien and Martin, Sebastian and Liu, Tiantian and Kavan, Ladislav and Pauly, Mark},
 title = {Projective Dynamics: Fusing Constraint Projections for Fast Simulation},
 journal = {ACM Trans. Graph.},
 issue_date = {July 2014},
 volume = {33},
 number = {4},
 month = jul,
 year = {2014},
 issn = {0730-0301},
 pages = {154:1--154:11},
 articleno = {154},
 numpages = {11},
 url = {http://doi.acm.org/10.1145/2601097.2601116},
 doi = {10.1145/2601097.2601116},
 acmid = {2601116},
 publisher = {ACM},
 address = {New York, NY, USA},
 keywords = {continuum mechanics, implicit Euler method, physics-based animation, position based dynamics},
} 

@article{farmer2002,
  title={Upscaling: a review},
  author={Farmer, CL},
  journal={INT J NUMER METH FL},
  volume={40},
  number={1-2},
  pages={63--78},
  year={2002},
  publisher={Wiley Online Library}
}

@article{Guedes1990,
 author = {Guedes, Jos{\'e} Miranda and Kikuchi, Noboru},
 title = {Preprocessing and Postprocessing for Materials Based on the Homogenization Method with Adaptive Finite Element Methods},
 journal = {Comput. Methods Appl. Mech. Eng.},
 issue_date = {Oct. 1990},
 volume = {83},
 number = {2},
 month = oct,
 year = {1990},
 issn = {0045-7825},
 pages = {143--198},
 numpages = {56},
 url = {http://dx.doi.org/10.1016/0045-7825(90)90148-F},
 doi = {10.1016/0045-7825(90)90148-F},
 acmid = {108669},
 publisher = {Elsevier Sequoia S. A.},
 address = {Lausanne, Switzerland, Switzerland},
} 

@article{ipopt,
 author = {W{\"a}chter, Andreas and Biegler, Lorenz T.},
 title = {On the Implementation of an Interior-point Filter Line-search Algorithm for Large-scale Nonlinear Programming},
 journal = {Math. Program.},
 issue_date = {May 2006},
 volume = {106},
 number = {1},
 month = may,
 year = {2006},
 issn = {0025-5610},
 pages = {25--57},
 numpages = {33},
 url = {http://dx.doi.org/10.1007/s10107-004-0559-y},
 doi = {10.1007/s10107-004-0559-y},
 acmid = {1107695},
 publisher = {Springer-Verlag New York, Inc.},
 address = {Secaucus, NJ, USA},
 keywords = {65K05, 90C30, 90C51},
}

@article{clausen2015topology,
  title={Topology optimized architectures with programmable Poisson's ratio over large deformations},
  author={Clausen, Anders and Wang, Fengwen and Jensen, Jakob S. and Sigmund, Ole and Lewis, Jennifer A.},
  journal={Advanced Materials},
  volume={27},
  number={37},
  pages={5523--5527},
  year={2015},
}

@article{vogiatzis2017topology,
  title={Topology optimization of multi-material negative Poisson’s ratio metamaterials using a reconciled level set method},
  author={Vogiatzis, Panagiotis and Chen, Shikui and Wang, Xiao and Li, Tiantian and Wang, Lifeng},
  journal={Computer-Aided Design},
  volume={83},
  pages={15--32},
  year={2017},
}

@article{sigmund1995tailoring,
  title={Tailoring materials with prescribed elastic properties},
  author={Sigmund, Ole},
  journal={Mechanics of Materials},
  volume={20},
  number={4},
  pages={351--368},
  year={1995},
}

@article{sigmund1994materials,
  title={Materials with prescribed constitutive parameters: an inverse homogenization problem},
  author={Sigmund, Ole},
  journal={International Journal of Solids and Structures},
  volume={31},
  number={17},
  pages={2313--2329},
  year={1994},
}

@inproceedings{gibson1982mechanics,
  title={The mechanics of three-dimensional cellular materials},
  author={Gibson, Lorna J. and Ashby, Michael F.},
  booktitle={Proceedings of the Royal Society of London A},
  volume={382},
  number={1782},
  pages={43--59},
  year={1982},
}

@article{magnus2008dc,
  title={A dc magnetic metamaterial},
  author={Magnus, F. and Wood, B. and Moore, J. and Morrison, Kelly and Perkins, G. and Fyson, J. and Wiltshire, M. C. K. and Caplin, D. and Cohen, L. F. and Pendry, J. B.},
  journal={Nature materials},
  volume={7},
  number={4},
  pages={295--297},
  year={2008},
}

@article{shalaev2007optical,
  title={Optical negative-index metamaterials},
  author={Shalaev, Vladimir M},
  journal={Nature photonics},
  volume={1},
  number={1},
  pages={41--48},
  year={2007},
  publisher={Nature Publishing Group}
}

@article{schurig2006metamaterial,
  title={Metamaterial electromagnetic cloak at microwave frequencies},
  author={Schurig, David and Mock, JJ and Justice, BJ and Cummer, Steven A and Pendry, John B and Starr, AF and Smith, DR},
  journal={Science},
  volume={314},
  number={5801},
  pages={977--980},
  year={2006},
}

@article{schurig2006metamaterial,
  title={Metamaterial electromagnetic cloak at microwave frequencies},
  author={Schurig, David and Mock, JJ and Justice, BJ and Cummer, Steven A and Pendry, John B and Starr, AF and Smith, DR},
  journal={Science},
  volume={314},
  number={5801},
  pages={977--980},
  year={2006},
}

@article{fang2006ultrasonic,
  title={Ultrasonic metamaterials with negative modulus},
  author={Fang, Nicholas and Xi, Dongjuan and Xu, Jianyi and Ambati, Muralidhar and Srituravanich, Werayut and Sun, Cheng and Zhang, Xiang},
  journal={Nature materials},
  volume={5},
  number={6},
  pages={452--456},
  year={2006},
}

@article{li2009experimental,
  title={Experimental demonstration of an acoustic magnifying hyperlens},
  author={Li, Jensen and Fok, Lee and Yin, Xiaobo and Bartal, Guy and Zhang, Xiang},
  journal={Nature materials},
  volume={8},
  number={12},
  pages={931--934},
  year={2009},
}

@article{li2016mechanical,
  title={Mechanical metamaterials: Smaller and stronger},
  author={Li, Xiaoyan and Gao, Huajian},
  journal={Nature materials},
  volume={15},
  number={4},
  pages={373--374},
  year={2016},
}

@article{Wang2016Therm,
  title = {Lightweight Mechanical Metamaterials with Tunable Negative Thermal Expansion},
  author = {Wang, Qiming and Jackson, Julie A. and Ge, Qi and Hopkins, Jonathan B. and Spadaccini, Christopher M. and Fang, Nicholas X.},
  journal = {Phys. Rev. Lett.},
  volume = {117},
  issue = {17},
  pages = {175901},
  numpages = {6},
  year = {2016},
  month = {Oct},
  xxxdoi = {10.1103/PhysRevLett.117.175901},
}

@article {Zheng2014,
	author = {Zheng, Xiaoyu and Lee, Howon and Weisgraber, Todd H. and Shusteff, Maxim and DeOtte, Joshua and Duoss, Eric B. and Kuntz, Joshua D. and Biener, Monika M. and Ge, Qi and Jackson, Julie A. and Kucheyev, Sergei O. and Fang, Nicholas X. and Spadaccini, Christopher M.},
	title = {Ultralight, ultrastiff mechanical metamaterials},
	volume = {344},
	number = {6190},
	pages = {1373--1377},
	year = {2014},
	xxxdoi = {10.1126/science.1252291},
	journal = {Science}
}

@article {Meza2014,
	author = {Meza, Lucas R. and Das, Satyajit and Greer, Julia R.},
	title = {Strong, lightweight, and recoverable three-dimensional ceramic nanolattices},
	volume = {345},
	number = {6202},
	pages = {1322--1326},
	year = {2014},
	xxxdoi = {10.1126/science.1255908},
	journal = {Science}
}

@article{Kadic2012,
author = {Kadic, Muamer and B\"{u}ckmann, Tiemo and Stenger, Nicolas and Thiel, Michael and Wegener, Martin },
title = {On the practicability of pentamode mechanical metamaterials},
journal = {Applied Physics Letters},
volume = {100},
number = {19},
pages = {191901},
year = {2012},
}

@article{milton1995,
  title={Which elasticity tensors are realizable?},
  author={Milton, Graeme W. and Cherkaev, Andrej V},
  journal={Journal of Engineering Materials and Technology},
  volume={117},
  pages={483},
  year={1995}
}

@article{Lee1994Skel,
title = {Building Skeleton Models via 3-D Medial Surface Axis Thinning Algorithms},
journal = {CVGIP: Graphical Models and Image Processing},
volume = {56},
number = {6},
pages = {462 - 478},
year = {1994},
author = {T.C. Lee and R.L. Kashyap and C.N. Chu},
}

@article{Zhu2017,
 author = {Bo, Zhu and Skouras, M\'{e}lina and Chen, Desai and Matusik, Wojciech},
 title = {Two-Scale Topology Optimization with Microstructures},
 journal = {ACM Trans. Graph.},
 issue_date = {July 2017},
 volume = {34},
 number = {4},
 month = July,
 year = {2017},
 articleno = {84},
 numpages = {17},
} 

@article{tenenbaum2000global,
  title={A global geometric framework for nonlinear dimensionality reduction},
  author={Tenenbaum, Joshua B and De Silva, Vin and Langford, John C},
  journal={science},
  volume={290},
  number={5500},
  pages={2319--2323},
  year={2000},
}

@book{mclachlan2007algorithm,
  title={The EM algorithm and extensions},
  author={McLachlan, Geoffrey and Krishnan, Thriyambakam},
  volume={382},
  year={2007},
  publisher={John Wiley \& Sons}
}