@preamble{ "\newcommand{\noopsort}[1]{} "
	# "\newcommand{\printfirst}[2]{#1} "
	# "\newcommand{\singleletter}[1]{#1} "
	# "\newcommand{\switchargs}[2]{#2#1} " }

	@string{cagd = {Computer Aided Geometric Design}}

@string{casa = {Proc.\ of Conference on Computer Animation and Social Agents}}

@string{cg = {Computers and Graphics}}

@string{cga = {Computer Graphics and Applications}}

@string{cgf = {Comput. Graphics Forum}}

@string{cgfeg = {Comput. Graphics Forum (Proc.\ Eurographics)}}

@string{cgi = {Proc.\ of Computer Graphics International}}

@string{cvpr = {Computer Vision and Pattern Recognition (CVPR)}}

@string{eg = {Proc.\ of Eurographics}}

@string{egcas = {Proc.\ of Eurographics Workshop on Computer Animation and Simulation}}

@string{eggh = {Proc.\ of Graphics Hardware Workshop}}

@string{egpbg = {Proc.\ of Symp.\ on Point-Based Graphics}}

@string{egrw = {Proc.\ of Eurographics Rendering Workshop}}

@string{egsr = {Proc.\ of Symp.\ on Rendering}}

@string{gi = {Proc.\ of Graphics Interface}}

@string{i3d = {Proc.\ of Symp.\ on Interactive 3D Graphics}}

@string{nummetheng = {Int. J. Numer. Methods Eng.}}

@string{pg = {Proc.\ of Pacific Graphics}}

@string{sca = {Proc.\ of Symp.\ on Computer Animation}}

@string{sgp = {Proc.\ of Symp.\ on Geometry Processing}}

@string{smi = {Proc.\ of Shape Modeling International}}

@string{tog = {ACM Trans.\ Graph.}}

@string{tog_sig = {ACM Trans.\ Graph. (Proc.\ SIGGRAPH)}} 

@string{togasia = {ACM Trans.\ Graph. (Proc.\ SIGGRAPH Asia)}}

@string{tvcg = {IEEE Trans.\ on Visualization and Computer Graphics}}

@string{vis = {Proc.\ of IEEE Vis.}}

@string{vmv = {Proc.\ of Vision, Modeling, Visualization}}

@string{vr = {Proc.\ of IEEE VR}}
	
@article{Hasan:2010:PRO,
    title = "Physical Reproduction of Materials with Specified Subsurface Scattering",
    author = {Ha\v{s}an, Milo\v{s} and Fuchs, Martin and Matusik, Wojciech and Pfister, Hanspeter and Rusinkiewicz, Szymon},
    journal = tog_sig,
    volume = {29},
	number = {4},
 year = {2010},
}

@article{Dong:2010:FSS,
title = "Fabricating Spatially-Varying Subsurface Scattering",
author = "Yue Dong and Jiaping Wang and Fabio Pellacini and Xin Tong and Baining Guo",
journal = tog_sig,
volume = {29},
	number = {4},
year = 2010,
}

@article{papas11goal,
    author = "Papas, Marios and Jarosz, Wojciech and Jakob, Wenzel and Rusinkiewicz, Szymon and Matusik, Wojciech and Weyrich, Tim",
    title = "Goal-based Caustics",
    journal = eg,
    volume = "30",
    number = "2",
    year = "2011",
    month = "June",
    pages = "503--511",
}

@article{Weyrich:2009,
 author = {Weyrich, Tim and Peers, Pieter and Matusik, Wojciech and Rusinkiewicz, Szymon},
 title = {Fabricating Microgeometry for Custom Surface Reflectance},
 journal = tog_sig,
 issue_date = {August 2009},
 volume = {28},
 number = {3},
 month = jul,
 year = {2009},
 pages = {32:1--32:6},
 articleno = {32},
 numpages = {6},
 publisher = {ACM},
} 

@incollection{kiser2013,
  title={Architectural causticsâ€”Controlling light with geometry},
  author={Kiser, Thomas and Eigensatz, Michael and Nguyen, Minh Man and Bompas, Philippe and Pauly, Mark},
  booktitle={Advances in Architectural Geometry 2012},
  pages={91--106},
  year={2013},
  publisher={Springer}
}

@article{Prevost:2013kb,
 author = {Pr{\'e}vost, Romain and Whiting, Emily and Lefebvre, Sylvain and Sorkine-Hornung, Olga},
 title = {Make It Stand: Balancing Shapes for 3D Fabrication},
 journal = {ACM Trans. Graph.},
 issue_date = {July 2013},
 volume = {32},
 number = {4},
 month = jul,
 year = {2013},
 pages = {81:1--81:10},
 articleno = {81},
 numpages = {10},
 xxxurl = {http://doi.acm.org/10.1145/2461912.2461957},
 xxxdoi = {10.1145/2461912.2461957},
 publisher = {ACM},
} 

@article{musialski-2015,
  title =      "Reduced-Order Shape Optimization Using Offset Surfaces",
  author =     "Przemyslaw Musialski and Thomas Auzinger and Michael Birsak
               and Michael Wimmer and Leif Kobbelt",
  year =       "2015",
  month =      aug,
  journal =    tog_sig,
  number =     "4",
  volume =     "34",
  pages =      "102:1--102:9",
}

@article{Bacher:2014,
 author = {B\"{a}cher, Moritz and Whiting, Emily and Bickel, Bernd and Sorkine-Hornung, Olga},
 title = {Spin-it: Optimizing Moment of Inertia for Spinnable Objects},
 journal = tog,
 issue_date = {July 2014},
 volume = {33},
 number = {4},
 month = jul,
 year = {2014},
 pages = {96:1--96:10},
 articleno = {96},
 numpages = {10},
} 

@article{Umetani:2014,
 author = {Umetani, Nobuyuki and Koyama, Yuki and Schmidt, Ryan and Igarashi, Takeo},
 title = {Pteromys: Interactive Design and Optimization of Free-formed Free-flight Model Airplanes},
 journal = tog_sig,
 issue_date = {July 2014},
 volume = {33},
 number = {4},
 month = jul,
 year = {2014},
 issn = {0730-0301},
 pages = {65:1--65:10},
 articleno = {65},
 numpages = {10},
} 

@article{Martin:2015,
 author = {Martin, Tobias and Umetani, Nobuyuki and Bickel, Bernd},
 title = {OmniAD: Data-driven Omni-directional Aerodynamics},
 journal = {ACM Trans. Graph.},
 issue_date = {August 2015},
 volume = {34},
 number = {4},
 month = jul,
 year = {2015},
 issn = {0730-0301},
 pages = {113:1--113:12},
 articleno = {113},
 numpages = {12},
} 

@article{Du:2016,
 author = {Du, Tao and Schulz, Adriana and Zhu, Bo and Bickel, Bernd and Matusik, Wojciech},
 title = {Computational Multicopter Design},
 journal = {ACM Trans. Graph.},
 issue_date = {November 2016},
 volume = {35},
 number = {6},
 month = nov,
 year = {2016},
 issn = {0730-0301},
 pages = {227:1--227:10},
 articleno = {227},
 numpages = {10},
}
